% !TEX root = Initial_Report.tex

@article{KotliarRuckenstein,
  title = {New Functional Integral Approach to Strongly Correlated Fermi Systems: The Gutzwiller Approximation as a Saddle Point},
  author = {Kotliar, Gabriel and Ruckenstein, Andrei E.},
  journal = {Phys. Rev. Lett.},
  volume = {57},
  issue = {11},
  pages = {1362--1365},
  numpages = {0},
  year = {1986},
  month = {Sep},
  publisher = {American Physical Society},
  doi = {10.1103/PhysRevLett.57.1362},
  url = {https://link.aps.org/doi/10.1103/PhysRevLett.57.1362}
}